%YAML 1.1
%TAG !u! tag:unity3d.com,2011:
--- !u!1 &43473739272311705
GameObject:
  m_ObjectHideFlags: 0
  m_CorrespondingSourceObject: {fileID: 0}
  m_PrefabInstance: {fileID: 0}
  m_PrefabAsset: {fileID: 0}
  serializedVersion: 6
  m_Component:
  - component: {fileID: 2990783336914401412}
  - component: {fileID: 1126132297590814637}
  m_Layer: 0
  m_Name: TrickCollider (2)
  m_TagString: Untagged
  m_Icon: {fileID: 0}
  m_NavMeshLayer: 0
  m_StaticEditorFlags: 0
  m_IsActive: 1
--- !u!4 &2990783336914401412
Transform:
  m_ObjectHideFlags: 0
  m_CorrespondingSourceObject: {fileID: 0}
  m_PrefabInstance: {fileID: 0}
  m_PrefabAsset: {fileID: 0}
  m_GameObject: {fileID: 43473739272311705}
  m_LocalRotation: {x: 0, y: 0.60876137, z: 0, w: 0.7933534}
  m_LocalPosition: {x: -0.1877, y: 0.1017, z: -0.1795}
  m_LocalScale: {x: 0.04000002, y: 0.01, z: 0.010000005}
  m_Children: []
  m_Father: {fileID: 1125378493314658609}
  m_RootOrder: 8
  m_LocalEulerAnglesHint: {x: 0, y: 75, z: 0}
--- !u!65 &1126132297590814637
BoxCollider:
  m_ObjectHideFlags: 0
  m_CorrespondingSourceObject: {fileID: 0}
  m_PrefabInstance: {fileID: 0}
  m_PrefabAsset: {fileID: 0}
  m_GameObject: {fileID: 43473739272311705}
  m_Material: {fileID: 0}
  m_IsTrigger: 1
  m_Enabled: 1
  serializedVersion: 2
  m_Size: {x: 1, y: 1, z: 1}
  m_Center: {x: 0, y: 0, z: 0}
--- !u!1 &423183215617262301
GameObject:
  m_ObjectHideFlags: 0
  m_CorrespondingSourceObject: {fileID: 0}
  m_PrefabInstance: {fileID: 0}
  m_PrefabAsset: {fileID: 0}
  serializedVersion: 6
  m_Component:
  - component: {fileID: 2859241894805017555}
  - component: {fileID: 4932178527021296836}
  m_Layer: 0
  m_Name: TrickCollider (5)
  m_TagString: Untagged
  m_Icon: {fileID: 0}
  m_NavMeshLayer: 0
  m_StaticEditorFlags: 0
  m_IsActive: 1
--- !u!4 &2859241894805017555
Transform:
  m_ObjectHideFlags: 0
  m_CorrespondingSourceObject: {fileID: 0}
  m_PrefabInstance: {fileID: 0}
  m_PrefabAsset: {fileID: 0}
  m_GameObject: {fileID: 423183215617262301}
  m_LocalRotation: {x: 0, y: 0.9297765, z: 0, w: 0.36812454}
  m_LocalPosition: {x: -0.1535, y: 0.1017, z: -0.0769}
  m_LocalScale: {x: 0.040000007, y: 0.01, z: 0.010000002}
  m_Children: []
  m_Father: {fileID: 1125378493314658609}
  m_RootOrder: 11
  m_LocalEulerAnglesHint: {x: 0, y: 136.8, z: 0}
--- !u!65 &4932178527021296836
BoxCollider:
  m_ObjectHideFlags: 0
  m_CorrespondingSourceObject: {fileID: 0}
  m_PrefabInstance: {fileID: 0}
  m_PrefabAsset: {fileID: 0}
  m_GameObject: {fileID: 423183215617262301}
  m_Material: {fileID: 0}
  m_IsTrigger: 1
  m_Enabled: 1
  serializedVersion: 2
  m_Size: {x: 1, y: 1, z: 1}
  m_Center: {x: 0, y: 0, z: 0}
--- !u!1 &1004762754409304004
GameObject:
  m_ObjectHideFlags: 0
  m_CorrespondingSourceObject: {fileID: 0}
  m_PrefabInstance: {fileID: 0}
  m_PrefabAsset: {fileID: 0}
  serializedVersion: 6
  m_Component:
  - component: {fileID: 6714625252904051648}
  - component: {fileID: 528262363875544787}
  m_Layer: 0
  m_Name: TrickCollider (3)
  m_TagString: Untagged
  m_Icon: {fileID: 0}
  m_NavMeshLayer: 0
  m_StaticEditorFlags: 0
  m_IsActive: 1
--- !u!4 &6714625252904051648
Transform:
  m_ObjectHideFlags: 0
  m_CorrespondingSourceObject: {fileID: 0}
  m_PrefabInstance: {fileID: 0}
  m_PrefabAsset: {fileID: 0}
  m_GameObject: {fileID: 1004762754409304004}
  m_LocalRotation: {x: 0, y: 0.54463905, z: 0, w: 0.8386706}
  m_LocalPosition: {x: -0.1836, y: 0.1017, z: -0.1948}
  m_LocalScale: {x: 0.040000018, y: 0.01, z: 0.010000004}
  m_Children: []
  m_Father: {fileID: 1125378493314658609}
  m_RootOrder: 9
  m_LocalEulerAnglesHint: {x: 0, y: 66, z: 0}
--- !u!65 &528262363875544787
BoxCollider:
  m_ObjectHideFlags: 0
  m_CorrespondingSourceObject: {fileID: 0}
  m_PrefabInstance: {fileID: 0}
  m_PrefabAsset: {fileID: 0}
  m_GameObject: {fileID: 1004762754409304004}
  m_Material: {fileID: 0}
  m_IsTrigger: 1
  m_Enabled: 1
  serializedVersion: 2
  m_Size: {x: 1, y: 1, z: 1}
  m_Center: {x: 0, y: 0, z: 0}
--- !u!1 &1704923864048566958
GameObject:
  m_ObjectHideFlags: 0
  m_CorrespondingSourceObject: {fileID: 0}
  m_PrefabInstance: {fileID: 0}
  m_PrefabAsset: {fileID: 0}
  serializedVersion: 6
  m_Component:
  - component: {fileID: 313158061983002071}
  - component: {fileID: 8981376493032245661}
  m_Layer: 0
  m_Name: TrickCollider (4)
  m_TagString: Untagged
  m_Icon: {fileID: 0}
  m_NavMeshLayer: 0
  m_StaticEditorFlags: 0
  m_IsActive: 1
--- !u!4 &313158061983002071
Transform:
  m_ObjectHideFlags: 0
  m_CorrespondingSourceObject: {fileID: 0}
  m_PrefabInstance: {fileID: 0}
  m_PrefabAsset: {fileID: 0}
  m_GameObject: {fileID: 1704923864048566958}
  m_LocalRotation: {x: 0, y: 0.911762, z: 0, w: 0.41071895}
  m_LocalPosition: {x: -0.1694, y: 0.1017, z: -0.0919}
  m_LocalScale: {x: 0.040000007, y: 0.01, z: 0.010000002}
  m_Children: []
  m_Father: {fileID: 1125378493314658609}
  m_RootOrder: 10
  m_LocalEulerAnglesHint: {x: 0, y: 131.5, z: 0}
--- !u!65 &8981376493032245661
BoxCollider:
  m_ObjectHideFlags: 0
  m_CorrespondingSourceObject: {fileID: 0}
  m_PrefabInstance: {fileID: 0}
  m_PrefabAsset: {fileID: 0}
  m_GameObject: {fileID: 1704923864048566958}
  m_Material: {fileID: 0}
  m_IsTrigger: 1
  m_Enabled: 1
  serializedVersion: 2
  m_Size: {x: 1, y: 1, z: 1}
  m_Center: {x: 0, y: 0, z: 0}
--- !u!1 &1728672528565746935
GameObject:
  m_ObjectHideFlags: 0
  m_CorrespondingSourceObject: {fileID: 0}
  m_PrefabInstance: {fileID: 0}
  m_PrefabAsset: {fileID: 0}
  serializedVersion: 6
  m_Component:
  - component: {fileID: 7763626682965192176}
  - component: {fileID: 5960272075570838010}
  m_Layer: 0
  m_Name: TrickCollider
  m_TagString: Untagged
  m_Icon: {fileID: 0}
  m_NavMeshLayer: 0
  m_StaticEditorFlags: 0
  m_IsActive: 1
--- !u!4 &7763626682965192176
Transform:
  m_ObjectHideFlags: 0
  m_CorrespondingSourceObject: {fileID: 0}
  m_PrefabInstance: {fileID: 0}
  m_PrefabAsset: {fileID: 0}
  m_GameObject: {fileID: 1728672528565746935}
  m_LocalRotation: {x: 0, y: 0.80582494, z: 0, w: 0.5921539}
  m_LocalPosition: {x: -0.1847, y: 0.1017, z: -0.1231}
  m_LocalScale: {x: 0.04, y: 0.01, z: 0.010000006}
  m_Children: []
  m_Father: {fileID: 1125378493314658609}
  m_RootOrder: 6
  m_LocalEulerAnglesHint: {x: 0, y: 107.38, z: 0}
--- !u!65 &5960272075570838010
BoxCollider:
  m_ObjectHideFlags: 0
  m_CorrespondingSourceObject: {fileID: 0}
  m_PrefabInstance: {fileID: 0}
  m_PrefabAsset: {fileID: 0}
  m_GameObject: {fileID: 1728672528565746935}
  m_Material: {fileID: 0}
  m_IsTrigger: 1
  m_Enabled: 1
  serializedVersion: 2
  m_Size: {x: 1, y: 1, z: 1}
  m_Center: {x: 0, y: 0, z: 0}
--- !u!1 &1793710102695422697
GameObject:
  m_ObjectHideFlags: 0
  m_CorrespondingSourceObject: {fileID: 0}
  m_PrefabInstance: {fileID: 0}
  m_PrefabAsset: {fileID: 0}
  serializedVersion: 6
  m_Component:
  - component: {fileID: 370819620912406235}
  - component: {fileID: 4083662773432850358}
  m_Layer: 0
  m_Name: TrickCollider (1)
  m_TagString: Untagged
  m_Icon: {fileID: 0}
  m_NavMeshLayer: 0
  m_StaticEditorFlags: 0
  m_IsActive: 1
--- !u!4 &370819620912406235
Transform:
  m_ObjectHideFlags: 0
  m_CorrespondingSourceObject: {fileID: 0}
  m_PrefabInstance: {fileID: 0}
  m_PrefabAsset: {fileID: 0}
  m_GameObject: {fileID: 1793710102695422697}
  m_LocalRotation: {x: -0, y: 0.24353033, z: -0, w: 0.9698933}
  m_LocalPosition: {x: -0.0331, y: 0.1208, z: -0.0007}
  m_LocalScale: {x: 0.10000001, y: 0.1, z: 0.10000001}
  m_Children: []
  m_Father: {fileID: 4442928833100119363}
  m_RootOrder: 1
  m_LocalEulerAnglesHint: {x: 0, y: 28.19, z: 0}
--- !u!65 &4083662773432850358
BoxCollider:
  m_ObjectHideFlags: 0
  m_CorrespondingSourceObject: {fileID: 0}
  m_PrefabInstance: {fileID: 0}
  m_PrefabAsset: {fileID: 0}
  m_GameObject: {fileID: 1793710102695422697}
  m_Material: {fileID: 0}
  m_IsTrigger: 1
  m_Enabled: 1
  serializedVersion: 2
  m_Size: {x: 0.6490249, y: 0.22807233, z: 0.3030529}
  m_Center: {x: -0.08624881, y: -0.38596395, z: -0.23725513}
--- !u!1 &2284906015606929648
GameObject:
  m_ObjectHideFlags: 0
  m_CorrespondingSourceObject: {fileID: 0}
  m_PrefabInstance: {fileID: 0}
  m_PrefabAsset: {fileID: 0}
  serializedVersion: 6
  m_Component:
  - component: {fileID: 7487749588273650452}
  - component: {fileID: 977516742941472301}
  m_Layer: 0
  m_Name: Bulge_out
  m_TagString: Obstacle
  m_Icon: {fileID: 0}
  m_NavMeshLayer: 0
  m_StaticEditorFlags: 0
  m_IsActive: 1
--- !u!4 &7487749588273650452
Transform:
  m_ObjectHideFlags: 0
  m_CorrespondingSourceObject: {fileID: 0}
  m_PrefabInstance: {fileID: 0}
  m_PrefabAsset: {fileID: 0}
  m_GameObject: {fileID: 2284906015606929648}
  m_LocalRotation: {x: 0, y: -0.39442313, z: 0, w: 0.918929}
  m_LocalPosition: {x: 0, y: 0, z: 0}
  m_LocalScale: {x: 1.2, y: 1.2, z: 1.2}
  m_Children:
  - {fileID: 7468740884492957759}
  - {fileID: 4442928833100119363}
  - {fileID: 1125378493314658609}
  m_Father: {fileID: 0}
  m_RootOrder: 0
  m_LocalEulerAnglesHint: {x: 0, y: -46.46, z: 0}
--- !u!114 &977516742941472301
MonoBehaviour:
  m_ObjectHideFlags: 0
  m_CorrespondingSourceObject: {fileID: 0}
  m_PrefabInstance: {fileID: 0}
  m_PrefabAsset: {fileID: 0}
  m_GameObject: {fileID: 2284906015606929648}
  m_Enabled: 1
  m_EditorHideFlags: 0
  m_Script: {fileID: 11500000, guid: fdff553f7800ac449b712fae19b2e193, type: 3}
  m_Name: 
  m_EditorClassIdentifier: 
  _obstacleDTO:
    _title: Bulge out
    _description: Bulge out element
    _obstacleType: 2
    _image: {fileID: 21300000, guid: 2506a9b95ed393d429a5f4639b637b5f, type: 3}
    _rotateParametrs:
      _min: -220
      _max: 220
    _scaleParametrs:
      _min: 1
      _max: 5
  _physicMaterial: {fileID: 13400000, guid: 8f7f2a59edf51ef489601b1bc021b16a, type: 2}
  _railObstacles:
  - {fileID: 9180794553780247134}
  _trickObstacles:
  - {fileID: 7181815228097606515}
  _allosSetObstacleUnder: 0
--- !u!1 &3326844427937762361
GameObject:
  m_ObjectHideFlags: 0
  m_CorrespondingSourceObject: {fileID: 0}
  m_PrefabInstance: {fileID: 0}
  m_PrefabAsset: {fileID: 0}
  serializedVersion: 6
  m_Component:
  - component: {fileID: 2769316858858109534}
  - component: {fileID: 5690304947685318097}
  m_Layer: 0
  m_Name: TrickCollider (2)
  m_TagString: Untagged
  m_Icon: {fileID: 0}
  m_NavMeshLayer: 0
  m_StaticEditorFlags: 0
  m_IsActive: 1
--- !u!4 &2769316858858109534
Transform:
  m_ObjectHideFlags: 0
  m_CorrespondingSourceObject: {fileID: 0}
  m_PrefabInstance: {fileID: 0}
  m_PrefabAsset: {fileID: 0}
  m_GameObject: {fileID: 3326844427937762361}
  m_LocalRotation: {x: -0, y: -0.32639307, z: -0, w: 0.9452342}
  m_LocalPosition: {x: 0.0515, y: 0.1208, z: 0.011400001}
  m_LocalScale: {x: 0.10000004, y: 0.099999994, z: 0.10000004}
  m_Children: []
  m_Father: {fileID: 4442928833100119363}
  m_RootOrder: 2
  m_LocalEulerAnglesHint: {x: 0, y: -38.1, z: 0}
--- !u!65 &5690304947685318097
BoxCollider:
  m_ObjectHideFlags: 0
  m_CorrespondingSourceObject: {fileID: 0}
  m_PrefabInstance: {fileID: 0}
  m_PrefabAsset: {fileID: 0}
  m_GameObject: {fileID: 3326844427937762361}
  m_Material: {fileID: 0}
  m_IsTrigger: 1
  m_Enabled: 1
  serializedVersion: 2
  m_Size: {x: 0.6490249, y: 0.22807233, z: 0.3030529}
  m_Center: {x: -0.08624881, y: -0.38596395, z: -0.23725513}
--- !u!1 &3573551873107940887
GameObject:
  m_ObjectHideFlags: 0
  m_CorrespondingSourceObject: {fileID: 0}
  m_PrefabInstance: {fileID: 0}
  m_PrefabAsset: {fileID: 0}
  serializedVersion: 6
  m_Component:
  - component: {fileID: 2723513891081695889}
  - component: {fileID: 5597939742145060933}
  m_Layer: 0
  m_Name: PatchPoint (1)
  m_TagString: Untagged
  m_Icon: {fileID: 0}
  m_NavMeshLayer: 0
  m_StaticEditorFlags: 0
  m_IsActive: 1
--- !u!4 &2723513891081695889
Transform:
  m_ObjectHideFlags: 0
  m_CorrespondingSourceObject: {fileID: 0}
  m_PrefabInstance: {fileID: 0}
  m_PrefabAsset: {fileID: 0}
  m_GameObject: {fileID: 3573551873107940887}
  m_LocalRotation: {x: -0, y: -0, z: -0, w: 1}
  m_LocalPosition: {x: -0.1669, y: 0.0985, z: -0.0906}
  m_LocalScale: {x: 1, y: 1, z: 1}
  m_Children: []
  m_Father: {fileID: 1125378493314658609}
  m_RootOrder: 1
  m_LocalEulerAnglesHint: {x: 0, y: 0, z: 0}
--- !u!114 &5597939742145060933
MonoBehaviour:
  m_ObjectHideFlags: 0
  m_CorrespondingSourceObject: {fileID: 0}
  m_PrefabInstance: {fileID: 0}
  m_PrefabAsset: {fileID: 0}
  m_GameObject: {fileID: 3573551873107940887}
  m_Enabled: 1
  m_EditorHideFlags: 0
  m_Script: {fileID: 11500000, guid: 31225fdcf11d1e143983c364836730a6, type: 3}
  m_Name: 
  m_EditorClassIdentifier: 
  _pointSize: 0.004
--- !u!1 &3577829891616761725
GameObject:
  m_ObjectHideFlags: 0
  m_CorrespondingSourceObject: {fileID: 0}
  m_PrefabInstance: {fileID: 0}
  m_PrefabAsset: {fileID: 0}
  serializedVersion: 6
  m_Component:
  - component: {fileID: 7445862970344106578}
  - component: {fileID: 8663932363688330337}
  m_Layer: 0
  m_Name: TrickCollider (1)
  m_TagString: Untagged
  m_Icon: {fileID: 0}
  m_NavMeshLayer: 0
  m_StaticEditorFlags: 0
  m_IsActive: 1
--- !u!4 &7445862970344106578
Transform:
  m_ObjectHideFlags: 0
  m_CorrespondingSourceObject: {fileID: 0}
  m_PrefabInstance: {fileID: 0}
  m_PrefabAsset: {fileID: 0}
  m_GameObject: {fileID: 3577829891616761725}
  m_LocalRotation: {x: 0, y: 0.7349146, z: 0, w: 0.6781597}
  m_LocalPosition: {x: -0.1908, y: 0.1017, z: -0.1557}
  m_LocalScale: {x: 0.040000007, y: 0.01, z: 0.010000002}
  m_Children: []
  m_Father: {fileID: 1125378493314658609}
  m_RootOrder: 7
  m_LocalEulerAnglesHint: {x: 0, y: 94.6, z: 0}
--- !u!65 &8663932363688330337
BoxCollider:
  m_ObjectHideFlags: 0
  m_CorrespondingSourceObject: {fileID: 0}
  m_PrefabInstance: {fileID: 0}
  m_PrefabAsset: {fileID: 0}
  m_GameObject: {fileID: 3577829891616761725}
  m_Material: {fileID: 0}
  m_IsTrigger: 1
  m_Enabled: 1
  serializedVersion: 2
  m_Size: {x: 1, y: 1, z: 1}
  m_Center: {x: 0, y: 0, z: 0}
--- !u!1 &3639314292799666225
GameObject:
  m_ObjectHideFlags: 0
  m_CorrespondingSourceObject: {fileID: 0}
  m_PrefabInstance: {fileID: 0}
  m_PrefabAsset: {fileID: 0}
  serializedVersion: 6
  m_Component:
  - component: {fileID: 7468740884492957759}
  - component: {fileID: 6757435368552078968}
  - component: {fileID: 1581037800216565226}
  - component: {fileID: 3040143458986698267}
  - component: {fileID: 5057433077844485353}
  m_Layer: 0
  m_Name: Bulge_out (1)
  m_TagString: Obstacle
  m_Icon: {fileID: 0}
  m_NavMeshLayer: 0
  m_StaticEditorFlags: 0
  m_IsActive: 1
--- !u!4 &7468740884492957759
Transform:
  m_ObjectHideFlags: 0
  m_CorrespondingSourceObject: {fileID: 0}
  m_PrefabInstance: {fileID: 0}
  m_PrefabAsset: {fileID: 0}
  m_GameObject: {fileID: 3639314292799666225}
  m_LocalRotation: {x: -0.000000024692941, y: 0.9286802, z: 0.00000006183062, w: 0.37088168}
  m_LocalPosition: {x: 0.0033330382, y: 0, z: 0.08359295}
  m_LocalScale: {x: 99.999954, y: 100, z: 99.999954}
  m_Children: []
  m_Father: {fileID: 7487749588273650452}
  m_RootOrder: 0
  m_LocalEulerAnglesHint: {x: 0, y: 0, z: 0}
--- !u!33 &6757435368552078968
MeshFilter:
  m_ObjectHideFlags: 0
  m_CorrespondingSourceObject: {fileID: 0}
  m_PrefabInstance: {fileID: 0}
  m_PrefabAsset: {fileID: 0}
  m_GameObject: {fileID: 3639314292799666225}
  m_Mesh: {fileID: 4300384, guid: 10a4cca707de5ec44a84f3b65381ad1c, type: 3}
--- !u!23 &1581037800216565226
MeshRenderer:
  m_ObjectHideFlags: 0
  m_CorrespondingSourceObject: {fileID: 0}
  m_PrefabInstance: {fileID: 0}
  m_PrefabAsset: {fileID: 0}
  m_GameObject: {fileID: 3639314292799666225}
  m_Enabled: 1
  m_CastShadows: 1
  m_ReceiveShadows: 1
  m_DynamicOccludee: 1
  m_MotionVectors: 1
  m_LightProbeUsage: 1
  m_ReflectionProbeUsage: 1
  m_RenderingLayerMask: 1
  m_RendererPriority: 0
  m_Materials:
  - {fileID: 2100018, guid: 10a4cca707de5ec44a84f3b65381ad1c, type: 3}
  m_StaticBatchInfo:
    firstSubMesh: 0
    subMeshCount: 0
  m_StaticBatchRoot: {fileID: 0}
  m_ProbeAnchor: {fileID: 0}
  m_LightProbeVolumeOverride: {fileID: 0}
  m_ScaleInLightmap: 1
  m_PreserveUVs: 0
  m_IgnoreNormalsForChartDetection: 0
  m_ImportantGI: 0
  m_StitchLightmapSeams: 0
  m_SelectedEditorRenderState: 3
  m_MinimumChartSize: 4
  m_AutoUVMaxDistance: 0.5
  m_AutoUVMaxAngle: 89
  m_LightmapParameters: {fileID: 0}
  m_SortingLayerID: 0
  m_SortingLayer: 0
  m_SortingOrder: 0
--- !u!114 &3040143458986698267
MonoBehaviour:
  m_ObjectHideFlags: 0
  m_CorrespondingSourceObject: {fileID: 0}
  m_PrefabInstance: {fileID: 0}
  m_PrefabAsset: {fileID: 0}
  m_GameObject: {fileID: 3639314292799666225}
  m_Enabled: 1
  m_EditorHideFlags: 0
  m_Script: {fileID: 11500000, guid: f53b841b85a9bfe4db42f4a0c790839c, type: 3}
  m_Name: 
  m_EditorClassIdentifier: 
  _baseObstacle: {fileID: 977516742941472301}
--- !u!64 &5057433077844485353
MeshCollider:
  m_ObjectHideFlags: 0
  m_CorrespondingSourceObject: {fileID: 0}
  m_PrefabInstance: {fileID: 0}
  m_PrefabAsset: {fileID: 0}
  m_GameObject: {fileID: 3639314292799666225}
  m_Material: {fileID: 13400000, guid: 8f7f2a59edf51ef489601b1bc021b16a, type: 2}
  m_IsTrigger: 0
  m_Enabled: 1
  serializedVersion: 3
  m_Convex: 0
  m_CookingOptions: 14
  m_Mesh: {fileID: 4300384, guid: 10a4cca707de5ec44a84f3b65381ad1c, type: 3}
--- !u!1 &4017902320119552012
GameObject:
  m_ObjectHideFlags: 0
  m_CorrespondingSourceObject: {fileID: 0}
  m_PrefabInstance: {fileID: 0}
  m_PrefabAsset: {fileID: 0}
  serializedVersion: 6
  m_Component:
  - component: {fileID: 7415336986127769123}
  - component: {fileID: 5167592563164527372}
  m_Layer: 0
  m_Name: PatchPoint (2)
  m_TagString: Untagged
  m_Icon: {fileID: 0}
  m_NavMeshLayer: 0
  m_StaticEditorFlags: 0
  m_IsActive: 1
--- !u!4 &7415336986127769123
Transform:
  m_ObjectHideFlags: 0
  m_CorrespondingSourceObject: {fileID: 0}
  m_PrefabInstance: {fileID: 0}
  m_PrefabAsset: {fileID: 0}
  m_GameObject: {fileID: 4017902320119552012}
  m_LocalRotation: {x: -0, y: -0, z: -0, w: 1}
  m_LocalPosition: {x: -0.1824, y: 0.0956, z: -0.1257}
  m_LocalScale: {x: 1, y: 1, z: 1}
  m_Children: []
  m_Father: {fileID: 1125378493314658609}
  m_RootOrder: 2
  m_LocalEulerAnglesHint: {x: 0, y: 0, z: 0}
--- !u!114 &5167592563164527372
MonoBehaviour:
  m_ObjectHideFlags: 0
  m_CorrespondingSourceObject: {fileID: 0}
  m_PrefabInstance: {fileID: 0}
  m_PrefabAsset: {fileID: 0}
  m_GameObject: {fileID: 4017902320119552012}
  m_Enabled: 1
  m_EditorHideFlags: 0
  m_Script: {fileID: 11500000, guid: 31225fdcf11d1e143983c364836730a6, type: 3}
  m_Name: 
  m_EditorClassIdentifier: 
  _pointSize: 0.004
--- !u!1 &4438372602994246347
GameObject:
  m_ObjectHideFlags: 0
  m_CorrespondingSourceObject: {fileID: 0}
  m_PrefabInstance: {fileID: 0}
  m_PrefabAsset: {fileID: 0}
  serializedVersion: 6
  m_Component:
  - component: {fileID: 2223286756184910858}
  - component: {fileID: 539998730718815682}
  m_Layer: 0
  m_Name: PatchPoint (3)
  m_TagString: Untagged
  m_Icon: {fileID: 0}
  m_NavMeshLayer: 0
  m_StaticEditorFlags: 0
  m_IsActive: 1
--- !u!4 &2223286756184910858
Transform:
  m_ObjectHideFlags: 0
  m_CorrespondingSourceObject: {fileID: 0}
  m_PrefabInstance: {fileID: 0}
  m_PrefabAsset: {fileID: 0}
  m_GameObject: {fileID: 4438372602994246347}
  m_LocalRotation: {x: -0, y: -0.000000059604638, z: -0, w: 1}
  m_LocalPosition: {x: -0.1866, y: 0.0956, z: -0.1617}
  m_LocalScale: {x: 1, y: 1, z: 1}
  m_Children: []
  m_Father: {fileID: 1125378493314658609}
  m_RootOrder: 3
  m_LocalEulerAnglesHint: {x: 0, y: 0, z: 0}
--- !u!114 &539998730718815682
MonoBehaviour:
  m_ObjectHideFlags: 0
  m_CorrespondingSourceObject: {fileID: 0}
  m_PrefabInstance: {fileID: 0}
  m_PrefabAsset: {fileID: 0}
  m_GameObject: {fileID: 4438372602994246347}
  m_Enabled: 1
  m_EditorHideFlags: 0
  m_Script: {fileID: 11500000, guid: 31225fdcf11d1e143983c364836730a6, type: 3}
  m_Name: 
  m_EditorClassIdentifier: 
  _pointSize: 0.004
--- !u!1 &4622348748861578880
GameObject:
  m_ObjectHideFlags: 0
  m_CorrespondingSourceObject: {fileID: 0}
  m_PrefabInstance: {fileID: 0}
  m_PrefabAsset: {fileID: 0}
  serializedVersion: 6
  m_Component:
  - component: {fileID: 1691337584203294602}
  - component: {fileID: 3635308694588462255}
  m_Layer: 0
  m_Name: PatchPoint (4)
  m_TagString: Untagged
  m_Icon: {fileID: 0}
  m_NavMeshLayer: 0
  m_StaticEditorFlags: 0
  m_IsActive: 1
--- !u!4 &1691337584203294602
Transform:
  m_ObjectHideFlags: 0
  m_CorrespondingSourceObject: {fileID: 0}
  m_PrefabInstance: {fileID: 0}
  m_PrefabAsset: {fileID: 0}
  m_GameObject: {fileID: 4622348748861578880}
  m_LocalRotation: {x: -0, y: -0.000000059604638, z: -0, w: 1}
  m_LocalPosition: {x: -0.1794, y: 0.0956, z: -0.1981}
  m_LocalScale: {x: 1, y: 1, z: 1}
  m_Children: []
  m_Father: {fileID: 1125378493314658609}
  m_RootOrder: 4
  m_LocalEulerAnglesHint: {x: 0, y: 0, z: 0}
--- !u!114 &3635308694588462255
MonoBehaviour:
  m_ObjectHideFlags: 0
  m_CorrespondingSourceObject: {fileID: 0}
  m_PrefabInstance: {fileID: 0}
  m_PrefabAsset: {fileID: 0}
  m_GameObject: {fileID: 4622348748861578880}
  m_Enabled: 1
  m_EditorHideFlags: 0
  m_Script: {fileID: 11500000, guid: 31225fdcf11d1e143983c364836730a6, type: 3}
  m_Name: 
  m_EditorClassIdentifier: 
  _pointSize: 0.004
--- !u!1 &5451388753000837772
GameObject:
  m_ObjectHideFlags: 0
  m_CorrespondingSourceObject: {fileID: 0}
  m_PrefabInstance: {fileID: 0}
  m_PrefabAsset: {fileID: 0}
  serializedVersion: 6
  m_Component:
  - component: {fileID: 1269605373977614427}
  - component: {fileID: 1891514909376019423}
  m_Layer: 0
  m_Name: PatchPoint
  m_TagString: Untagged
  m_Icon: {fileID: 0}
  m_NavMeshLayer: 0
  m_StaticEditorFlags: 0
  m_IsActive: 1
--- !u!4 &1269605373977614427
Transform:
  m_ObjectHideFlags: 0
  m_CorrespondingSourceObject: {fileID: 0}
  m_PrefabInstance: {fileID: 0}
  m_PrefabAsset: {fileID: 0}
  m_GameObject: {fileID: 5451388753000837772}
  m_LocalRotation: {x: 0, y: 0, z: 0, w: 1}
  m_LocalPosition: {x: -0.134, y: 0.095, z: -0.0643}
  m_LocalScale: {x: 1, y: 1, z: 1}
  m_Children: []
  m_Father: {fileID: 1125378493314658609}
  m_RootOrder: 0
  m_LocalEulerAnglesHint: {x: 0, y: 0, z: 0}
--- !u!114 &1891514909376019423
MonoBehaviour:
  m_ObjectHideFlags: 0
  m_CorrespondingSourceObject: {fileID: 0}
  m_PrefabInstance: {fileID: 0}
  m_PrefabAsset: {fileID: 0}
  m_GameObject: {fileID: 5451388753000837772}
  m_Enabled: 1
  m_EditorHideFlags: 0
  m_Script: {fileID: 11500000, guid: 31225fdcf11d1e143983c364836730a6, type: 3}
  m_Name: 
  m_EditorClassIdentifier: 
  _pointSize: 0.004
--- !u!1 &6325327405210878876
GameObject:
  m_ObjectHideFlags: 0
  m_CorrespondingSourceObject: {fileID: 0}
  m_PrefabInstance: {fileID: 0}
  m_PrefabAsset: {fileID: 0}
  serializedVersion: 6
  m_Component:
  - component: {fileID: 2867177575836998001}
  - component: {fileID: 7240533447285770878}
  m_Layer: 0
  m_Name: TrickCollider
  m_TagString: Untagged
  m_Icon: {fileID: 0}
  m_NavMeshLayer: 0
  m_StaticEditorFlags: 0
  m_IsActive: 1
--- !u!4 &2867177575836998001
Transform:
  m_ObjectHideFlags: 0
  m_CorrespondingSourceObject: {fileID: 0}
  m_PrefabInstance: {fileID: 0}
  m_PrefabAsset: {fileID: 0}
  m_GameObject: {fileID: 6325327405210878876}
  m_LocalRotation: {x: -0, y: -0, z: -0, w: 1}
  m_LocalPosition: {x: 0.0059000007, y: 0.1208, z: -0.00089999987}
  m_LocalScale: {x: 0.10000001, y: 0.1, z: 0.10000001}
  m_Children: []
  m_Father: {fileID: 4442928833100119363}
  m_RootOrder: 0
  m_LocalEulerAnglesHint: {x: 0, y: 0, z: 0}
--- !u!65 &7240533447285770878
BoxCollider:
  m_ObjectHideFlags: 0
  m_CorrespondingSourceObject: {fileID: 0}
  m_PrefabInstance: {fileID: 0}
  m_PrefabAsset: {fileID: 0}
  m_GameObject: {fileID: 6325327405210878876}
  m_Material: {fileID: 0}
  m_IsTrigger: 1
  m_Enabled: 1
  serializedVersion: 2
  m_Size: {x: 1, y: 0.22807233, z: 0.30305287}
  m_Center: {x: -0.0000012981027, y: -0.38596395, z: -0.23725505}
--- !u!1 &6695196341185372752
GameObject:
  m_ObjectHideFlags: 0
  m_CorrespondingSourceObject: {fileID: 0}
  m_PrefabInstance: {fileID: 0}
  m_PrefabAsset: {fileID: 0}
  serializedVersion: 6
  m_Component:
  - component: {fileID: 1125378493314658609}
  - component: {fileID: 9180794553780247134}
  m_Layer: 0
  m_Name: RailPatch
  m_TagString: Untagged
  m_Icon: {fileID: 0}
  m_NavMeshLayer: 0
  m_StaticEditorFlags: 0
  m_IsActive: 1
--- !u!4 &1125378493314658609
Transform:
  m_ObjectHideFlags: 0
  m_CorrespondingSourceObject: {fileID: 0}
  m_PrefabInstance: {fileID: 0}
  m_PrefabAsset: {fileID: 0}
  m_GameObject: {fileID: 6695196341185372752}
  m_LocalRotation: {x: -0, y: 0.7790098, z: -0, w: -0.6270118}
  m_LocalPosition: {x: -0.16647963, y: 0, z: 0.12873434}
  m_LocalScale: {x: 1, y: 1, z: 1}
  m_Children:
  - {fileID: 1269605373977614427}
  - {fileID: 2723513891081695889}
  - {fileID: 7415336986127769123}
  - {fileID: 2223286756184910858}
  - {fileID: 1691337584203294602}
  - {fileID: 4128015804000646122}
  - {fileID: 7763626682965192176}
  - {fileID: 7445862970344106578}
  - {fileID: 2990783336914401412}
  - {fileID: 6714625252904051648}
  - {fileID: 313158061983002071}
  - {fileID: 2859241894805017555}
  m_Father: {fileID: 7487749588273650452}
  m_RootOrder: 2
  m_LocalEulerAnglesHint: {x: 0, y: 0, z: 0}
--- !u!114 &9180794553780247134
MonoBehaviour:
  m_ObjectHideFlags: 0
  m_CorrespondingSourceObject: {fileID: 0}
  m_PrefabInstance: {fileID: 0}
  m_PrefabAsset: {fileID: 0}
  m_GameObject: {fileID: 6695196341185372752}
  m_Enabled: 1
  m_EditorHideFlags: 0
  m_Script: {fileID: 11500000, guid: 9dcf2be5894791947ad2590f76f21850, type: 3}
  m_Name: 
  m_EditorClassIdentifier: 
  _patchPoints:
  - {fileID: 1269605373977614427}
  - {fileID: 2723513891081695889}
  - {fileID: 7415336986127769123}
  - {fileID: 2223286756184910858}
  - {fileID: 1691337584203294602}
  - {fileID: 4128015804000646122}
  _colliders:
  - {fileID: 5960272075570838010}
  - {fileID: 8663932363688330337}
  - {fileID: 1126132297590814637}
  - {fileID: 528262363875544787}
  - {fileID: 8981376493032245661}
  - {fileID: 4932178527021296836}
  AngleForRail: 50
--- !u!1 &7838543468472220645
GameObject:
  m_ObjectHideFlags: 0
  m_CorrespondingSourceObject: {fileID: 0}
  m_PrefabInstance: {fileID: 0}
  m_PrefabAsset: {fileID: 0}
  serializedVersion: 6
  m_Component:
  - component: {fileID: 4128015804000646122}
  - component: {fileID: 288847407855485913}
  m_Layer: 0
  m_Name: PatchPoint (5)
  m_TagString: Untagged
  m_Icon: {fileID: 0}
  m_NavMeshLayer: 0
  m_StaticEditorFlags: 0
  m_IsActive: 1
--- !u!4 &4128015804000646122
Transform:
  m_ObjectHideFlags: 0
  m_CorrespondingSourceObject: {fileID: 0}
  m_PrefabInstance: {fileID: 0}
  m_PrefabAsset: {fileID: 0}
  m_GameObject: {fileID: 7838543468472220645}
  m_LocalRotation: {x: -0, y: -0.000000059604638, z: -0, w: 1}
  m_LocalPosition: {x: -0.17, y: 0.0956, z: -0.218}
  m_LocalScale: {x: 1, y: 1, z: 1}
  m_Children: []
  m_Father: {fileID: 1125378493314658609}
  m_RootOrder: 5
  m_LocalEulerAnglesHint: {x: 0, y: 0, z: 0}
--- !u!114 &288847407855485913
MonoBehaviour:
  m_ObjectHideFlags: 0
  m_CorrespondingSourceObject: {fileID: 0}
  m_PrefabInstance: {fileID: 0}
  m_PrefabAsset: {fileID: 0}
  m_GameObject: {fileID: 7838543468472220645}
  m_Enabled: 1
  m_EditorHideFlags: 0
  m_Script: {fileID: 11500000, guid: 31225fdcf11d1e143983c364836730a6, type: 3}
  m_Name: 
  m_EditorClassIdentifier: 
  _pointSize: 0.004
--- !u!1 &9128454653550849790
GameObject:
  m_ObjectHideFlags: 0
  m_CorrespondingSourceObject: {fileID: 0}
  m_PrefabInstance: {fileID: 0}
  m_PrefabAsset: {fileID: 0}
  serializedVersion: 6
  m_Component:
  - component: {fileID: 4442928833100119363}
  - component: {fileID: 7181815228097606515}
  m_Layer: 0
  m_Name: TrickZone
  m_TagString: Untagged
  m_Icon: {fileID: 0}
  m_NavMeshLayer: 0
  m_StaticEditorFlags: 0
  m_IsActive: 1
--- !u!4 &4442928833100119363
Transform:
  m_ObjectHideFlags: 0
  m_CorrespondingSourceObject: {fileID: 0}
  m_PrefabInstance: {fileID: 0}
  m_PrefabAsset: {fileID: 0}
  m_GameObject: {fileID: 9128454653550849790}
  m_LocalRotation: {x: 0, y: 0, z: 0, w: 1}
  m_LocalPosition: {x: 0, y: 0, z: 0}
  m_LocalScale: {x: 1, y: 1, z: 1}
  m_Children:
  - {fileID: 2867177575836998001}
  - {fileID: 370819620912406235}
  - {fileID: 2769316858858109534}
  m_Father: {fileID: 7487749588273650452}
  m_RootOrder: 1
  m_LocalEulerAnglesHint: {x: 0, y: 0, z: 0}
--- !u!114 &7181815228097606515
MonoBehaviour:
  m_ObjectHideFlags: 0
  m_CorrespondingSourceObject: {fileID: 0}
  m_PrefabInstance: {fileID: 0}
  m_PrefabAsset: {fileID: 0}
  m_GameObject: {fileID: 9128454653550849790}
  m_Enabled: 1
  m_EditorHideFlags: 0
  m_Script: {fileID: 11500000, guid: a0d3fa174cb0bde4098b00f89c6fe94e, type: 3}
  m_Name: 
  m_EditorClassIdentifier: 
  _colliders:
  - {fileID: 7240533447285770878}
  - {fileID: 4083662773432850358}
  - {fileID: 5690304947685318097}
