%YAML 1.1
%TAG !u! tag:unity3d.com,2011:
--- !u!1 &65067009
GameObject:
  m_ObjectHideFlags: 0
  m_CorrespondingSourceObject: {fileID: 0}
  m_PrefabInstance: {fileID: 0}
  m_PrefabAsset: {fileID: 0}
  serializedVersion: 6
  m_Component:
  - component: {fileID: 65067010}
  - component: {fileID: 65067011}
  m_Layer: 0
  m_Name: PatchPoint
  m_TagString: Untagged
  m_Icon: {fileID: 0}
  m_NavMeshLayer: 0
  m_StaticEditorFlags: 0
  m_IsActive: 1
--- !u!4 &65067010
Transform:
  m_ObjectHideFlags: 0
  m_CorrespondingSourceObject: {fileID: 0}
  m_PrefabInstance: {fileID: 0}
  m_PrefabAsset: {fileID: 0}
  m_GameObject: {fileID: 65067009}
  m_LocalRotation: {x: 0, y: 0.4870215, z: 0, w: 0.87339}
  m_LocalPosition: {x: 0.036, y: 0.0827, z: -0.0401}
  m_LocalScale: {x: 1, y: 1, z: 1}
  m_Children: []
  m_Father: {fileID: 1162473367}
  m_RootOrder: 1
  m_LocalEulerAnglesHint: {x: 0, y: 58.29, z: 0}
--- !u!114 &65067011
MonoBehaviour:
  m_ObjectHideFlags: 0
  m_CorrespondingSourceObject: {fileID: 0}
  m_PrefabInstance: {fileID: 0}
  m_PrefabAsset: {fileID: 0}
  m_GameObject: {fileID: 65067009}
  m_Enabled: 1
  m_EditorHideFlags: 0
  m_Script: {fileID: 11500000, guid: 31225fdcf11d1e143983c364836730a6, type: 3}
  m_Name: 
  m_EditorClassIdentifier: 
  _pointSize: 0.004
--- !u!1 &143445188
GameObject:
  m_ObjectHideFlags: 0
  m_CorrespondingSourceObject: {fileID: 0}
  m_PrefabInstance: {fileID: 0}
  m_PrefabAsset: {fileID: 0}
  serializedVersion: 6
  m_Component:
  - component: {fileID: 143445189}
  - component: {fileID: 143445190}
  m_Layer: 0
  m_Name: PatchPoint (3)
  m_TagString: Untagged
  m_Icon: {fileID: 0}
  m_NavMeshLayer: 0
  m_StaticEditorFlags: 0
  m_IsActive: 1
--- !u!4 &143445189
Transform:
  m_ObjectHideFlags: 0
  m_CorrespondingSourceObject: {fileID: 0}
  m_PrefabInstance: {fileID: 0}
  m_PrefabAsset: {fileID: 0}
  m_GameObject: {fileID: 143445188}
  m_LocalRotation: {x: -0, y: 0.48702148, z: -0, w: 0.87338996}
  m_LocalPosition: {x: 0.0227, y: 0.0858, z: -0.0116}
  m_LocalScale: {x: 1, y: 1, z: 1}
  m_Children: []
  m_Father: {fileID: 1162473367}
  m_RootOrder: 2
  m_LocalEulerAnglesHint: {x: 0, y: 58.29, z: 0}
--- !u!114 &143445190
MonoBehaviour:
  m_ObjectHideFlags: 0
  m_CorrespondingSourceObject: {fileID: 0}
  m_PrefabInstance: {fileID: 0}
  m_PrefabAsset: {fileID: 0}
  m_GameObject: {fileID: 143445188}
  m_Enabled: 1
  m_EditorHideFlags: 0
  m_Script: {fileID: 11500000, guid: 31225fdcf11d1e143983c364836730a6, type: 3}
  m_Name: 
  m_EditorClassIdentifier: 
  _pointSize: 0.004
--- !u!1 &598474087
GameObject:
  m_ObjectHideFlags: 0
  m_CorrespondingSourceObject: {fileID: 0}
  m_PrefabInstance: {fileID: 0}
  m_PrefabAsset: {fileID: 0}
  serializedVersion: 6
  m_Component:
  - component: {fileID: 598474088}
  - component: {fileID: 598474089}
  m_Layer: 0
  m_Name: TrickCollider
  m_TagString: Untagged
  m_Icon: {fileID: 0}
  m_NavMeshLayer: 0
  m_StaticEditorFlags: 0
  m_IsActive: 1
--- !u!4 &598474088
Transform:
  m_ObjectHideFlags: 0
  m_CorrespondingSourceObject: {fileID: 0}
  m_PrefabInstance: {fileID: 0}
  m_PrefabAsset: {fileID: 0}
  m_GameObject: {fileID: 598474087}
  m_LocalRotation: {x: 0.0674792, y: 0.5345282, z: 0.10551432, w: 0.83581865}
  m_LocalPosition: {x: -0.0199, y: 0.0579, z: 0.0889}
  m_LocalScale: {x: 0.27, y: 0.01, z: 0.010000006}
  m_Children: []
  m_Father: {fileID: 1162473367}
  m_RootOrder: 0
  m_LocalEulerAnglesHint: {x: 0, y: 65.2, z: 14.39}
--- !u!65 &598474089
BoxCollider:
  m_ObjectHideFlags: 0
  m_CorrespondingSourceObject: {fileID: 0}
  m_PrefabInstance: {fileID: 0}
  m_PrefabAsset: {fileID: 0}
  m_GameObject: {fileID: 598474087}
  m_Material: {fileID: 0}
  m_IsTrigger: 1
  m_Enabled: 1
  serializedVersion: 2
  m_Size: {x: 1, y: 1, z: 1}
  m_Center: {x: 0, y: 0, z: 0}
--- !u!1 &1162473366
GameObject:
  m_ObjectHideFlags: 0
  m_CorrespondingSourceObject: {fileID: 0}
  m_PrefabInstance: {fileID: 0}
  m_PrefabAsset: {fileID: 0}
  serializedVersion: 6
  m_Component:
  - component: {fileID: 1162473367}
  - component: {fileID: 1162473368}
  m_Layer: 0
  m_Name: RailPatch
  m_TagString: Untagged
  m_Icon: {fileID: 0}
  m_NavMeshLayer: 0
  m_StaticEditorFlags: 0
  m_IsActive: 1
--- !u!4 &1162473367
Transform:
  m_ObjectHideFlags: 0
  m_CorrespondingSourceObject: {fileID: 0}
  m_PrefabInstance: {fileID: 0}
  m_PrefabAsset: {fileID: 0}
  m_GameObject: {fileID: 1162473366}
  m_LocalRotation: {x: -0.1537276, y: 0.690194, z: 0.69019413, w: -0.1537276}
  m_LocalPosition: {x: 0.003139409, y: 0.0020183069, z: 0.00020000052}
  m_LocalScale: {x: 0.010000011, y: 0.010000008, z: 0.010000017}
  m_Children:
  - {fileID: 598474088}
  - {fileID: 65067010}
  - {fileID: 143445189}
  - {fileID: 1238491238}
  m_Father: {fileID: 4343186787064088396}
  m_RootOrder: 0
  m_LocalEulerAnglesHint: {x: 0, y: 0, z: 0}
--- !u!114 &1162473368
MonoBehaviour:
  m_ObjectHideFlags: 0
  m_CorrespondingSourceObject: {fileID: 0}
  m_PrefabInstance: {fileID: 0}
  m_PrefabAsset: {fileID: 0}
  m_GameObject: {fileID: 1162473366}
  m_Enabled: 1
  m_EditorHideFlags: 0
  m_Script: {fileID: 11500000, guid: 9dcf2be5894791947ad2590f76f21850, type: 3}
  m_Name: 
  m_EditorClassIdentifier: 
  _patchPoints:
  - {fileID: 65067010}
  - {fileID: 143445189}
  - {fileID: 1238491238}
  _colliders:
  - {fileID: 598474089}
  AngleForRail: 50
--- !u!1 &1238491237
GameObject:
  m_ObjectHideFlags: 0
  m_CorrespondingSourceObject: {fileID: 0}
  m_PrefabInstance: {fileID: 0}
  m_PrefabAsset: {fileID: 0}
  serializedVersion: 6
  m_Component:
  - component: {fileID: 1238491238}
  - component: {fileID: 1238491239}
  m_Layer: 0
  m_Name: PatchPoint (4)
  m_TagString: Untagged
  m_Icon: {fileID: 0}
  m_NavMeshLayer: 0
  m_StaticEditorFlags: 0
  m_IsActive: 1
--- !u!4 &1238491238
Transform:
  m_ObjectHideFlags: 0
  m_CorrespondingSourceObject: {fileID: 0}
  m_PrefabInstance: {fileID: 0}
  m_PrefabAsset: {fileID: 0}
  m_GameObject: {fileID: 1238491237}
  m_LocalRotation: {x: -0, y: 0.48702154, z: -0, w: 0.87339}
  m_LocalPosition: {x: -0.0755, y: 0.0253, z: 0.2047}
  m_LocalScale: {x: 1, y: 1, z: 1}
  m_Children: []
  m_Father: {fileID: 1162473367}
  m_RootOrder: 3
  m_LocalEulerAnglesHint: {x: 0, y: 58.29, z: 0}
--- !u!114 &1238491239
MonoBehaviour:
  m_ObjectHideFlags: 0
  m_CorrespondingSourceObject: {fileID: 0}
  m_PrefabInstance: {fileID: 0}
  m_PrefabAsset: {fileID: 0}
  m_GameObject: {fileID: 1238491237}
  m_Enabled: 1
  m_EditorHideFlags: 0
  m_Script: {fileID: 11500000, guid: 31225fdcf11d1e143983c364836730a6, type: 3}
  m_Name: 
  m_EditorClassIdentifier: 
  _pointSize: 0.004
--- !u!1 &5026167027326640610
GameObject:
  m_ObjectHideFlags: 0
  m_CorrespondingSourceObject: {fileID: 0}
  m_PrefabInstance: {fileID: 0}
  m_PrefabAsset: {fileID: 0}
  serializedVersion: 6
  m_Component:
  - component: {fileID: 4343186787064088396}
  - component: {fileID: 7341792394884624103}
  - component: {fileID: 6035765376132657138}
  - component: {fileID: 588706343181427384}
  - component: {fileID: 510716013286408237}
  m_Layer: 0
  m_Name: Rail.000 (1)
  m_TagString: Obstacle
  m_Icon: {fileID: 0}
  m_NavMeshLayer: 0
  m_StaticEditorFlags: 0
  m_IsActive: 1
--- !u!4 &4343186787064088396
Transform:
  m_ObjectHideFlags: 0
  m_CorrespondingSourceObject: {fileID: 0}
  m_PrefabInstance: {fileID: 0}
  m_PrefabAsset: {fileID: 0}
  m_GameObject: {fileID: 5026167027326640610}
  m_LocalRotation: {x: 0.65754205, y: 0.2600741, z: 0.26007414, w: -0.65754193}
  m_LocalPosition: {x: -0.277, y: 0, z: 0.113}
  m_LocalScale: {x: 100, y: 99.99992, z: 99.99992}
  m_Children:
  - {fileID: 1162473367}
  m_Father: {fileID: 2556315575706625649}
  m_RootOrder: 0
  m_LocalEulerAnglesHint: {x: 0, y: 0, z: 0}
--- !u!33 &7341792394884624103
MeshFilter:
  m_ObjectHideFlags: 0
  m_CorrespondingSourceObject: {fileID: 0}
  m_PrefabInstance: {fileID: 0}
  m_PrefabAsset: {fileID: 0}
  m_GameObject: {fileID: 5026167027326640610}
  m_Mesh: {fileID: 4300402, guid: 10a4cca707de5ec44a84f3b65381ad1c, type: 3}
--- !u!23 &6035765376132657138
MeshRenderer:
  m_ObjectHideFlags: 0
  m_CorrespondingSourceObject: {fileID: 0}
  m_PrefabInstance: {fileID: 0}
  m_PrefabAsset: {fileID: 0}
  m_GameObject: {fileID: 5026167027326640610}
  m_Enabled: 1
  m_CastShadows: 1
  m_ReceiveShadows: 1
  m_DynamicOccludee: 1
  m_MotionVectors: 1
  m_LightProbeUsage: 1
  m_ReflectionProbeUsage: 1
  m_RenderingLayerMask: 1
  m_RendererPriority: 0
  m_Materials:
  - {fileID: 2100050, guid: 10a4cca707de5ec44a84f3b65381ad1c, type: 3}
  m_StaticBatchInfo:
    firstSubMesh: 0
    subMeshCount: 0
  m_StaticBatchRoot: {fileID: 0}
  m_ProbeAnchor: {fileID: 0}
  m_LightProbeVolumeOverride: {fileID: 0}
  m_ScaleInLightmap: 1
  m_PreserveUVs: 0
  m_IgnoreNormalsForChartDetection: 0
  m_ImportantGI: 0
  m_StitchLightmapSeams: 0
  m_SelectedEditorRenderState: 3
  m_MinimumChartSize: 4
  m_AutoUVMaxDistance: 0.5
  m_AutoUVMaxAngle: 89
  m_LightmapParameters: {fileID: 0}
  m_SortingLayerID: 0
  m_SortingLayer: 0
  m_SortingOrder: 0
--- !u!114 &588706343181427384
MonoBehaviour:
  m_ObjectHideFlags: 0
  m_CorrespondingSourceObject: {fileID: 0}
  m_PrefabInstance: {fileID: 0}
  m_PrefabAsset: {fileID: 0}
  m_GameObject: {fileID: 5026167027326640610}
  m_Enabled: 1
  m_EditorHideFlags: 0
  m_Script: {fileID: 11500000, guid: f53b841b85a9bfe4db42f4a0c790839c, type: 3}
  m_Name: 
  m_EditorClassIdentifier: 
  _baseObstacle: {fileID: 5260443648250579784}
--- !u!64 &510716013286408237
MeshCollider:
  m_ObjectHideFlags: 0
  m_CorrespondingSourceObject: {fileID: 0}
  m_PrefabInstance: {fileID: 0}
  m_PrefabAsset: {fileID: 0}
  m_GameObject: {fileID: 5026167027326640610}
  m_Material: {fileID: 13400000, guid: 8f7f2a59edf51ef489601b1bc021b16a, type: 2}
  m_IsTrigger: 0
  m_Enabled: 1
  serializedVersion: 3
  m_Convex: 0
  m_CookingOptions: 14
  m_Mesh: {fileID: 4300402, guid: 10a4cca707de5ec44a84f3b65381ad1c, type: 3}
--- !u!1 &5584326791720608852
GameObject:
  m_ObjectHideFlags: 0
  m_CorrespondingSourceObject: {fileID: 0}
  m_PrefabInstance: {fileID: 0}
  m_PrefabAsset: {fileID: 0}
  serializedVersion: 6
  m_Component:
  - component: {fileID: 9113643994226230823}
  - component: {fileID: 354070963942616039}
  - component: {fileID: 4653917891311707297}
  - component: {fileID: 7932876463979640939}
  - component: {fileID: 5925539512590714112}
  m_Layer: 0
  m_Name: WedgeRamp.001 (1)
  m_TagString: Obstacle
  m_Icon: {fileID: 0}
  m_NavMeshLayer: 0
  m_StaticEditorFlags: 0
  m_IsActive: 1
--- !u!4 &9113643994226230823
Transform:
  m_ObjectHideFlags: 0
  m_CorrespondingSourceObject: {fileID: 0}
  m_PrefabInstance: {fileID: 0}
  m_PrefabAsset: {fileID: 0}
  m_GameObject: {fileID: 5584326791720608852}
  m_LocalRotation: {x: 0.65754205, y: 0.2600741, z: 0.26007414, w: -0.65754193}
  m_LocalPosition: {x: -0.04209984, y: 0, z: 0.12859364}
  m_LocalScale: {x: 100, y: 99.99992, z: 99.99992}
  m_Children: []
  m_Father: {fileID: 2556315575706625649}
  m_RootOrder: 1
  m_LocalEulerAnglesHint: {x: 0, y: 0, z: 0}
--- !u!33 &354070963942616039
MeshFilter:
  m_ObjectHideFlags: 0
  m_CorrespondingSourceObject: {fileID: 0}
  m_PrefabInstance: {fileID: 0}
  m_PrefabAsset: {fileID: 0}
  m_GameObject: {fileID: 5584326791720608852}
  m_Mesh: {fileID: 4300392, guid: 10a4cca707de5ec44a84f3b65381ad1c, type: 3}
--- !u!23 &4653917891311707297
MeshRenderer:
  m_ObjectHideFlags: 0
  m_CorrespondingSourceObject: {fileID: 0}
  m_PrefabInstance: {fileID: 0}
  m_PrefabAsset: {fileID: 0}
  m_GameObject: {fileID: 5584326791720608852}
  m_Enabled: 1
  m_CastShadows: 1
  m_ReceiveShadows: 1
  m_DynamicOccludee: 1
  m_MotionVectors: 1
  m_LightProbeUsage: 1
  m_ReflectionProbeUsage: 1
  m_RenderingLayerMask: 1
  m_RendererPriority: 0
  m_Materials:
  - {fileID: 2100018, guid: 10a4cca707de5ec44a84f3b65381ad1c, type: 3}
  m_StaticBatchInfo:
    firstSubMesh: 0
    subMeshCount: 0
  m_StaticBatchRoot: {fileID: 0}
  m_ProbeAnchor: {fileID: 0}
  m_LightProbeVolumeOverride: {fileID: 0}
  m_ScaleInLightmap: 1
  m_PreserveUVs: 0
  m_IgnoreNormalsForChartDetection: 0
  m_ImportantGI: 0
  m_StitchLightmapSeams: 0
  m_SelectedEditorRenderState: 3
  m_MinimumChartSize: 4
  m_AutoUVMaxDistance: 0.5
  m_AutoUVMaxAngle: 89
  m_LightmapParameters: {fileID: 0}
  m_SortingLayerID: 0
  m_SortingLayer: 0
  m_SortingOrder: 0
--- !u!114 &7932876463979640939
MonoBehaviour:
  m_ObjectHideFlags: 0
  m_CorrespondingSourceObject: {fileID: 0}
  m_PrefabInstance: {fileID: 0}
  m_PrefabAsset: {fileID: 0}
  m_GameObject: {fileID: 5584326791720608852}
  m_Enabled: 1
  m_EditorHideFlags: 0
  m_Script: {fileID: 11500000, guid: f53b841b85a9bfe4db42f4a0c790839c, type: 3}
  m_Name: 
  m_EditorClassIdentifier: 
  _baseObstacle: {fileID: 5260443648250579784}
--- !u!64 &5925539512590714112
MeshCollider:
  m_ObjectHideFlags: 0
  m_CorrespondingSourceObject: {fileID: 0}
  m_PrefabInstance: {fileID: 0}
  m_PrefabAsset: {fileID: 0}
  m_GameObject: {fileID: 5584326791720608852}
  m_Material: {fileID: 13400000, guid: 8f7f2a59edf51ef489601b1bc021b16a, type: 2}
  m_IsTrigger: 0
  m_Enabled: 1
  serializedVersion: 3
  m_Convex: 0
  m_CookingOptions: 14
  m_Mesh: {fileID: 4300392, guid: 10a4cca707de5ec44a84f3b65381ad1c, type: 3}
--- !u!1 &6567816189186999701
GameObject:
  m_ObjectHideFlags: 0
  m_CorrespondingSourceObject: {fileID: 0}
  m_PrefabInstance: {fileID: 0}
  m_PrefabAsset: {fileID: 0}
  serializedVersion: 6
  m_Component:
  - component: {fileID: 2556315575706625649}
  - component: {fileID: 5260443648250579784}
  m_Layer: 0
  m_Name: WedgeRamp_Rail
  m_TagString: Obstacle
  m_Icon: {fileID: 0}
  m_NavMeshLayer: 0
  m_StaticEditorFlags: 0
  m_IsActive: 1
--- !u!4 &2556315575706625649
Transform:
  m_ObjectHideFlags: 0
  m_CorrespondingSourceObject: {fileID: 0}
  m_PrefabInstance: {fileID: 0}
  m_PrefabAsset: {fileID: 0}
  m_GameObject: {fileID: 6567816189186999701}
  m_LocalRotation: {x: 0, y: 0.087850824, z: -0, w: -0.9961336}
  m_LocalPosition: {x: -0.6, y: 0, z: -0.016}
  m_LocalScale: {x: 1.2, y: 1.2, z: 1.2}
  m_Children:
  - {fileID: 4343186787064088396}
  - {fileID: 9113643994226230823}
  m_Father: {fileID: 0}
  m_RootOrder: 0
  m_LocalEulerAnglesHint: {x: 0, y: -370.08, z: 0}
--- !u!114 &5260443648250579784
MonoBehaviour:
  m_ObjectHideFlags: 0
  m_CorrespondingSourceObject: {fileID: 0}
  m_PrefabInstance: {fileID: 0}
  m_PrefabAsset: {fileID: 0}
  m_GameObject: {fileID: 6567816189186999701}
  m_Enabled: 1
  m_EditorHideFlags: 0
  m_Script: {fileID: 11500000, guid: fdff553f7800ac449b712fae19b2e193, type: 3}
  m_Name: 
  m_EditorClassIdentifier: 
  _obstacleDTO:
    _title: Wedge ramp
    _description: Wedge ramp with rail
    _obstacleType: 10
    _image: {fileID: 21300000, guid: 09d6c1bb5fce5e24b90cd8528940f59e, type: 3}
    _rotateParametrs:
      _min: -220
      _max: 220
    _scaleParametrs:
      _min: 1
      _max: 5
  _physicMaterial: {fileID: 13400000, guid: 8f7f2a59edf51ef489601b1bc021b16a, type: 2}
  _railObstacles:
  - {fileID: 1162473368}
  _trickObstacles: []
  _allosSetObstacleUnder: 0
